<record><leader>00000cas a22000007a 4500</leader><controlfield tag="001">20954968</controlfield><controlfield tag="008">900125d19181922mduwr ne      0    0eng d</controlfield><datafield ind1=" " ind2=" " tag="010"><subfield code="a">sn 90057021 </subfield></datafield><datafield ind1=" " ind2=" " tag="040"><subfield code="a">MFN</subfield><subfield code="b">eng</subfield><subfield code="c">MFN</subfield><subfield code="d">OCLCQ</subfield></datafield><datafield ind1=" " ind2=" " tag="042"><subfield code="a">msc</subfield></datafield><datafield ind1="0" ind2=" " tag="130"><subfield code="a">Weekly advertiser (Annapolis, Md.)</subfield></datafield><datafield ind1="1" ind2="4" tag="245"><subfield code="a">The weekly advertiser.</subfield></datafield><datafield ind1="1" ind2="3" tag="246"><subfield code="a">Advertiser-Republican</subfield></datafield><datafield ind1=" " ind2=" " tag="260"><subfield code="a">Annapolis, Md. :</subfield><subfield code="b">George T. Melvin</subfield></datafield><datafield ind1=" " ind2=" " tag="300"><subfield code="a">v.</subfield></datafield><datafield ind1=" " ind2=" " tag="310"><subfield code="a">Weekly</subfield></datafield><datafield ind1="0" ind2=" " tag="362"><subfield code="a">Vol. 110, no. 7 (Sept. 26, 1918)-</subfield></datafield><datafield ind1="1" ind2=" " tag="362"><subfield code="a">Ceased in 1922?</subfield></datafield><datafield ind1=" " ind2=" " tag="752"><subfield code="a">United States</subfield><subfield code="b">Maryland</subfield><subfield code="c">Anne Arundel</subfield><subfield code="d">Annapolis.</subfield></datafield><datafield ind1="0" ind2="0" tag="780"><subfield code="t">Advertiser-Republican (Annapolis, Md.)</subfield><subfield code="w">(DLC)sn 90057004</subfield></datafield><datafield ind1="0" ind2="0" tag="785"><subfield code="t">Maryland gazette (Annapolis, Md. : 1922)</subfield><subfield code="w">(DLC)sn 83009647</subfield></datafield></record>